@article{HHComb36,
      author         = "{ATLAS Collaboration}",
      title          = "{Combination of searches for Higgs boson pairs in $pp$
                        collisions at $\sqrt{s} = $13 TeV with the ATLAS
                        detector}",
      collaboration  = "ATLAS",
      year           = "2019",
      eprint         = "1906.02025",
      archivePrefix  = "arXiv",
      primaryClass   = "hep-ex",
      reportNumber   = "CERN-EP-2019-099",
      SLACcitation   = "%%CITATION = ARXIV:1906.02025;%%"
}

@article{HHBBGAMGAM,
      author         = "{ATLAS Collaboration}",
      title          = "{Search for Higgs boson pair production in the
                        $\gamma\gamma b\bar{b}$ final state with 13 TeV $pp$
                        collision data collected by the ATLAS experiment}",
      collaboration  = "ATLAS",
      journal        = "JHEP",
      volume         = "11",
      year           = "2018",
      pages          = "040",
      doi            = "10.1007/JHEP11(2018)040",
      eprint         = "1807.04873",
      archivePrefix  = "arXiv",
      primaryClass   = "hep-ex",
      reportNumber   = "CERN-EP-2018-130",
      SLACcitation   = "%%CITATION = ARXIV:1807.04873;%%"
}

@article{HHBBTAUTAU,
      author         = "{ATLAS Collaboration}",
      title          = "{Search for resonant and non-resonant Higgs boson pair
                        production in the ${b\bar{b}\tau^+\tau^-}$ decay channel
                        in $pp$ collisions at $\sqrt{s}=13$ TeV with the ATLAS
                        detector}",
      collaboration  = "ATLAS",
      journal        = "Phys. Rev. Lett.",
      volume         = "121",
      year           = "2018",
      number         = "19",
      pages          = "191801",
      doi            = "10.1103/PhysRevLett.122.089901,
                        10.1103/PhysRevLett.121.191801",
      note           = "[Erratum: Phys. Rev. Lett.122,no.8,089901(2019)]",
      eprint         = "1808.00336",
      archivePrefix  = "arXiv",
      primaryClass   = "hep-ex",
      reportNumber   = "CERN-EP-2018-164",
      SLACcitation   = "%%CITATION = ARXIV:1808.00336;%%"
}

@article{HHWWGAMGAM,
      author         = "{ATLAS Collaboration}",
      title          = "{Search for Higgs boson pair production in the
                        $\gamma\gamma WW^{*}$ channel using $pp$ collision data
                        recorded at $\sqrt{s} = 13$ TeV with the ATLAS detector}",
      collaboration  = "ATLAS",
      journal        = "Eur. Phys. J.",
      volume         = "C78",
      year           = "2018",
      number         = "12",
      pages          = "1007",
      doi            = "10.1140/epjc/s10052-018-6457-x",
      eprint         = "1807.08567",
      archivePrefix  = "arXiv",
      primaryClass   = "hep-ex",
      reportNumber   = "CERN-EP-2018-104",
      SLACcitation   = "%%CITATION = ARXIV:1807.08567;%%"
}

@article{HHWWWW,
      author         = "{ATLAS Collaboration}",
      title          = "{Search for Higgs boson pair production in the
                        $WW^{(*)}WW^{(*)}$ decay channel using ATLAS data recorded
                        at $\sqrt{s}=13$ TeV}",
      collaboration  = "ATLAS",
      journal        = "JHEP",
      volume         = "05",
      year           = "2019",
      pages          = "124",
      doi            = "10.1007/JHEP05(2019)124",
      eprint         = "1811.11028",
      archivePrefix  = "arXiv",
      primaryClass   = "hep-ex",
      reportNumber   = "CERN-EP-2018-227",
      SLACcitation   = "%%CITATION = ARXIV:1811.11028;%%"
}

@article{HHBBWW,
      author         = "{ATLAS Collaboration}",
      title          = "{Search for Higgs boson pair production in the
                        $b\bar{b}WW^{*}$ decay mode at $\sqrt{s}=13$ TeV with the
                        ATLAS detector}",
      collaboration  = "ATLAS",
      journal        = "JHEP",
      volume         = "04",
      year           = "2019",
      pages          = "092",
      doi            = "10.1007/JHEP04(2019)092",
      eprint         = "1811.04671",
      archivePrefix  = "arXiv",
      primaryClass   = "hep-ex",
      reportNumber   = "CERN-EP-2018-237",
      SLACcitation   = "%%CITATION = ARXIV:1811.04671;%%"
}

@article{HHBBBB,
      author         = "{ATLAS Collaboration}",
      title          = "{Search for pair production of Higgs bosons in the
                        $b\bar{b}b\bar{b}$ final state using proton-proton
                        collisions at $\sqrt{s} = 13$ TeV with the ATLAS
                        detector}",
      collaboration  = "ATLAS",
      journal        = "JHEP",
      volume         = "01",
      year           = "2019",
      pages          = "030",
      doi            = "10.1007/JHEP01(2019)030",
      eprint         = "1804.06174",
      archivePrefix  = "arXiv",
      primaryClass   = "hep-ex",
      reportNumber   = "CERN-EP-2018-029",
      SLACcitation   = "%%CITATION = ARXIV:1804.06174;%%"
}

