@article{2HDMPheno,
      author         = "Branco, G. C. and Ferreira, P. M. and Lavoura, L. and
                        Rebelo, M. N. and Sher, Marc and Silva, Joao P.",
      title          = "{Theory and phenomenology of two-Higgs-doublet models}",
      journal        = "Phys. Rept.",
      volume         = "516",
      year           = "2012",
      pages          = "1-102",
      doi            = "10.1016/j.physrep.2012.02.002",
      eprint         = "1106.0034",
      archivePrefix  = "arXiv",
      primaryClass   = "hep-ph",
      SLACcitation   = "%%CITATION = ARXIV:1106.0034;%%"
}

@article{EWSBMSSM,
      author         = "Djouadi, Abdelhak",
      title          = "{The Anatomy of electro-weak symmetry breaking. II. The
                        Higgs bosons in the minimal supersymmetric model}",
      journal        = "Phys. Rept.",
      volume         = "459",
      year           = "2008",
      pages          = "1-241",
      doi            = "10.1016/j.physrep.2007.10.005",
      eprint         = "hep-ph/0503173",
      archivePrefix  = "arXiv",
      primaryClass   = "hep-ph",
      reportNumber   = "LPT-ORSAY-05-18",
      SLACcitation   = "%%CITATION = HEP-PH/0503173;%%"
}

@article{SUSYPrimer,
      author         = "Martin, Stephen P.",
      title          = "{A Supersymmetry primer}",
      year           = "1997",
      pages          = "1-98",
      doi            = "10.1142/9789812839657_0001, 10.1142/9789814307505_0001",
      note           = "[Adv. Ser. Direct. High Energy Phys.18,1(1998)]",
      eprint         = "hep-ph/9709356",
      archivePrefix  = "arXiv",
      primaryClass   = "hep-ph",
      reportNumber   = "FERMILAB-PUB-97-425-T",
      SLACcitation   = "%%CITATION = HEP-PH/9709356;%%"
}

@article{LightStopsHiggs,
      author         = "Huang, Peisi and Joglekar, Aniket and Li, Min and Wagner,
                        Carlos E. M.",
      title          = "{Corrections to di-Higgs boson production with light
                        stops and modified Higgs couplings}",
      journal        = "Phys. Rev.",
      volume         = "D97",
      year           = "2018",
      number         = "7",
      pages          = "075001",
      doi            = "10.1103/PhysRevD.97.075001",
      eprint         = "1711.05743",
      archivePrefix  = "arXiv",
      primaryClass   = "hep-ph",
      reportNumber   = "EFI-17-23",
      SLACcitation   = "%%CITATION = ARXIV:1711.05743;%%"
}

@article{EWSBProbeRho,
title = "Probing the mechanism of EWSB with a rho-parameter defined in terms of Higgs couplings",
journal = "Physics Letters B",
volume = "568",
number = "3",
pages = "245 - 253",
year = "2003",
issn = "0370-2693",
doi = "https://doi.org/10.1016/j.physletb.2003.06.047",
url = "http://www.sciencedirect.com/science/article/pii/S037026930300947X",
author = "J.L. Díaz-Cruz and D.A. López-Falcón",
}

@article{ColemanMandula,
  title = {All Possible Symmetries of the $S$ Matrix},
  author = {Coleman, Sidney and Mandula, Jeffrey},
  journal = {Phys. Rev.},
  volume = {159},
  issue = {5},
  pages = {1251--1256},
  numpages = {0},
  year = {1967},
  month = {Jul},
  publisher = {American Physical Society},
  doi = {10.1103/PhysRev.159.1251},
  url = {https://link.aps.org/doi/10.1103/PhysRev.159.1251}
}

@article{WessZuminoModel,
    title = "Supergauge transformations in four dimensions",
    journal = "Nuclear Physics B",
    volume = "70",
    number = "1",
    pages = "39 - 50",
    year = "1974",
    issn = "0550-3213",
    doi = "https://doi.org/10.1016/0550-3213(74)90355-1",
    url = "http://www.sciencedirect.com/science/article/pii/0550321374903551",
    author = "J. Wess and B. Zumino",
}

@article{HaagSUSY,
    title = "All possible generators of supersymmetries of the S-matrix",
    journal = "Nuclear Physics B",
    volume = "88",
    number = "2",
    pages = "257 - 274",
    year = "1975",
    issn = "0550-3213",
    doi = "https://doi.org/10.1016/0550-3213(75)90279-5",
    url = "http://www.sciencedirect.com/science/article/pii/0550321375902795",
    author = "Rudolf Haag and Jan T. Łopuszański and Martin Sohnius",
}
