%%%%%%%%%%%%%%%%%%%%%%%%%%%%%%%%%%%%%%%%%%%%%%
% TRACKING
%%%%%%%%%%%%%%%%%%%%%%%%%%%%%%%%%%%%%%%%%%%%%%
@techreport{NEWTracking,
      author        = "Cornelissen, T and Elsing, M and Fleischmann, S and
                       Liebig, W and Moyse, E and Salzburger, A",
      title         = "{Concepts, Design and Implementation of the ATLAS New
                       Tracking (NEWT)}",
      institution   = "CERN",
      address       = "Geneva",
      number        = "ATL-SOFT-PUB-2007-007. ATL-COM-SOFT-2007-002",
      month         = "Mar",
      year          = "2007",
      reportNumber  = "ATL-SOFT-PUB-2007-007",
      url           = "https://cds.cern.ch/record/1020106",
}

@techreport{TIDE,
      title         = "{The Optimization of ATLAS Track Reconstruction in Dense
                       Environments}",
      institution   = "CERN",
      address       = "Geneva",
      number        = "ATL-PHYS-PUB-2015-006",
      month         = "Mar",
      year          = "2015",
      reportNumber  = "ATL-PHYS-PUB-2015-006",
      url           = "https://cds.cern.ch/record/2002609",
}

%%%%%%%%%%%%%%%%%%%%%%%%%%%%%%%%%%%%%%%%%%%%%%
% VERTEXING
%%%%%%%%%%%%%%%%%%%%%%%%%%%%%%%%%%%%%%%%%%%%%%

@article{Aaboud:2016rmg,
      author         = "{ATLAS Collaboration}",
      title          = "{Reconstruction of primary vertices at the ATLAS
                        experiment in Run 1 protonâ€“proton collisions at the
                        LHC}",
      collaboration  = "ATLAS",
      journal        = "Eur. Phys. J.",
      volume         = "C77",
      year           = "2017",
      number         = "5",
      pages          = "332",
      doi            = "10.1140/epjc/s10052-017-4887-5",
      eprint         = "1611.10235",
      archivePrefix  = "arXiv",
      primaryClass   = "physics.ins-det",
      reportNumber   = "CERN-EP-2016-150",
      SLACcitation   = "%%CITATION = ARXIV:1611.10235;%%"
}

@techreport{ATLAS-CONF-2010-069,
      title         = "{Performance of primary vertex reconstruction in
                       proton-proton collisions at $\sqrt{s}=$7 TeV in the ATLAS
                       experiment}",
      institution   = "CERN",
      collaboration = "ATLAS Collaboration",
      address       = "Geneva",
      number        = "ATLAS-CONF-2010-069",
      month         = "Jul",
      year          = "2010",
      reportNumber  = "ATLAS-CONF-2010-069",
      url           = "https://cds.cern.ch/record/1281344",
}

@article{Piacquadio_2008,
	doi = {10.1088/1742-6596/119/3/032033},
	url = {https://doi.org/10.1088%2F1742-6596%2F119%2F3%2F032033},
	year = 2008,
	month = {jul},
	publisher = {{IOP} Publishing},
	volume = {119},
	number = {3},
	pages = {032033},
	author = {G Piacquadio and K Prokofiev and A Wildauer},
	title = {Primary vertex reconstruction in the {ATLAS} experiment at {LHC}},
	journal = {Journal of Physics: Conference Series},
}
