@article{CERN-HR-STAFF-STAT-2018,
      title         = "{CERN Annual Personnel Statistics 2018}",
      year          = "2018",
      reportNumber  = "CERN-HR-STAFF-STAT-2018",
      url           = "https://cds.cern.ch/record/2677223",
}

@article{Evans_2008,
	doi = {10.1088/1748-0221/3/08/s08001},
	url = {https://doi.org/10.1088%2F1748-0221%2F3%2F08%2Fs08001},
	year = 2008,
	month = {aug},
	publisher = {{IOP} Publishing},
	volume = {3},
	number = {08},
	pages = {S08001--S08001},
	author = {Lyndon Evans and Philip Bryant},
	title = {{LHC} Machine},
	journal = {Journal of Instrumentation},
}
