@article{TOPFake,
      title         = "{Estimation of non-prompt and fake lepton backgrounds in
                       final states with top quarks produced in proton-proton
                       collisions at $\sqrt{s}$=8\,TeV with the ATLAS detector}",
      institution   = "CERN",
      address       = "Geneva",
      number        = "ATLAS-CONF-2014-058",
      month         = "Oct",
      year          = "2014",
      reportNumber  = "ATLAS-CONF-2014-058",
      url           = "https://cds.cern.ch/record/1951336",
}

@Article{TOPQ-2015-09,
    author         = "{ATLAS Collaboration}",
    title          = "{Measurement of the $t\bar{t}$ production cross-section using $e\mu$ events with $b$-tagged jets in $pp$ collisions at $\sqrt{s} = 13\;\mbox{TeV}$ with the ATLAS detector}",
    journal        = "Phys. Lett. B",
    volume         = "761",
    year           = "2016",
    pages          = "136",
    doi            = "10.1016/j.physletb.2016.08.019",
    reportNumber   = "CERN-EP-2016-088",
    eprint         = "1606.02699",
    archivePrefix  = "arXiv",
    primaryClass   = "hep-ex",
}

@Article{TOPQ-2017-05,
    author         = "{ATLAS Collaboration}",
    title          = "{Probing the quantum interference between singly and doubly resonant top-quark production in $pp$ collisions at $\sqrt{s} = 13\;\mbox{TeV}$ with the ATLAS detector}",
    year           = "2018",
    reportNumber   = "CERN-EP-2018-087",
    eprint         = "1806.04667",
    archivePrefix  = "arXiv",
    primaryClass   = "hep-ex",
}
