@article{FengNaturalness,
      author         = "Feng, Jonathan L.",
      title          = "{Naturalness and the Status of Supersymmetry}",
      journal        = "Ann. Rev. Nucl. Part. Sci.",
      volume         = "63",
      year           = "2013",
      pages          = "351-382",
      doi            = "10.1146/annurev-nucl-102010-130447",
      eprint         = "1302.6587",
      archivePrefix  = "arXiv",
      primaryClass   = "hep-ph",
      reportNumber   = "UCI-TR-2013-01",
      SLACcitation   = "%%CITATION = ARXIV:1302.6587;%%"
}

@article{FELIX,
	doi = {10.1088/1742-6596/898/3/032057},
	url = {https://doi.org/10.1088%2F1742-6596%2F898%2F3%2F032057},
	year = 2017,
	month = {oct},
	publisher = {{IOP} Publishing},
	volume = {898},
	pages = {032057},
	author = {Soo Ryu},
	title = {{FELIX}: The new detector readout system for the {ATLAS} experiment},
	journal = {Journal of Physics: Conference Series},
}
