@article{PDGRef,
	doi = {10.1088/1674-1137/40/10/100001},
	url = {https://doi.org/10.1088%2F1674-1137%2F40%2F10%2F100001},
	year = 2016,
	month = {oct},
	publisher = {{IOP} Publishing},
	volume = {40},
	number = {10},
	pages = {100001},
	author = {K.A. Olive},
	title = {Review of Particle Physics},
	journal = {Chinese Physics C}
}
