@techreport{NSWTDR,
      author        = "Kawamoto, T and Vlachos, S and Pontecorvo, L and Dubbert,
                       J and Mikenberg, G and Iengo, P and Dallapiccola, C and
                       Amelung, C and Levinson, L and Richter, R and Lellouch, D",
      title         = "{New Small Wheel Technical Design Report}",
      number        = "CERN-LHCC-2013-006. ATLAS-TDR-020",
      month         = "Jun",
      year          = "2013",
      reportNumber  = "CERN-LHCC-2013-006",
      url           = "https://cds.cern.ch/record/1552862",
      note          = "ATLAS New Small Wheel Technical Design Report",
}

@book{HLLHCPDR,
      author        = "Apollinari, G and Béjar Alonso, I and Brüning, O and
                       Lamont, M and Rossi, L",
      title         = "{High-Luminosity Large Hadron Collider (HL-LHC):
                       Preliminary Design Report}",
      publisher     = "CERN",
      address       = "Geneva",
      series        = "CERN Yellow Reports: Monographs",
      year          = "2015",
      url           = "https://cds.cern.ch/record/2116337",
      doi           = "10.5170/CERN-2015-005",
}

% MPGD
@techreport{MPGD,
      author        = "Francke, Tom and Peskov, Vladimir",
      title         = "{Micropattern Gaseous Detectors}",
      institution   = "Hamburg TU",
      address       = "Hamburg",
      number        = "physics/0404035. KTH-2004-04-07",
      month         = "Apr",
      year          = "2004",
      reportNumber  = "physics/0404035",
      url           = "https://cds.cern.ch/record/729619",
}

% MM
@article{Giomataris:1995fq,
      author         = "Giomataris, Y. and Rebourgeard, P. and Robert, J. P. and
                        Charpak, Georges",
      title          = "{MICROMEGAS: A High granularity position sensitive
                        gaseous detector for high particle flux environments}",
      journal        = "Nucl. Instrum. Meth.",
      volume         = "A376",
      year           = "1996",
      pages          = "29-35",
      doi            = "10.1016/0168-9002(96)00175-1",
      reportNumber   = "DAPNIA-SED-95-04, CERN-LHC-96-04-EET",
      SLACcitation   = "%%CITATION = NUIMA,A376,29;%%"
}

% VMM
@article{VMMASIC,
        author = {Iakovidis, George},
        year = {2018},
        month = {01},
        pages = {07001},
        title = {VMM - An ASIC for Micropattern Detectors},
        volume = {174},
        journal = {EPJ Web of Conferences},
        doi = {10.1051/epjconf/201817407001}
}

@ARTICLE{VMM1GDG,
    author={G. {De Geronimo} and J. {Fried} and S. {Li} and J. {Metcalfe} and N. {Nambiar} and E. {Vernon} and V. {Polychronakos}},
    journal={IEEE Transactions on Nuclear Science},
    title={VMM1—An ASIC for Micropattern Detectors},
    year={2013},
    volume={60},
    number={3},
    pages={2314-2321},
    doi={10.1109/TNS.2013.2258683},
    ISSN={0018-9499},
    month={June}
}

@techreport{VMM3George,
      author        = "Iakovidis, Georgios",
      title         = "{VMM3, an ASIC for Micropattern Detectors}",
      institution   = "CERN",
      collaboration = "ATLAS Collaboration",
      address       = "Geneva",
      number        = "ATL-MUON-PROC-2018-003",
      month         = "Mar",
      year          = "2018",
      reportNumber  = "ATL-MUON-PROC-2018-003",
      url           = "https://cds.cern.ch/record/2309951",
}

@article{NSWFrontEndChristos,
      author         = "Bakalis, Christos",
      title          = "{Front-End and Back-End Electronics for the ATLAS New
                        Small Wheel Upgrade}",
      booktitle      = "{Proceedings, 39th International Conference on High
                        Energy Physics (ICHEP 2018): Seoul, Korea, July 4-11,
                        2018}",
      collaboration  = "ATLAS Muon",
      journal        = "PoS",
      volume         = "ICHEP2018",
      year           = "2019",
      pages          = "134",
      doi            = "10.22323/1.340.0134",
      SLACcitation   = "%%CITATION = POSCI,ICHEP2018,134;%%"
}

@article{TDS,
      author         = "Wang, Jinhong and Guan, Liang and Chapman, J. W. and
                        Zhou, Bing and Zhu, Junjie",
      title          = "{Design of a Trigger Data Serializer ASIC for the Upgrade
                        of the ATLAS Forward Muon Spectrometer}",
      journal        = "IEEE Trans. Nucl. Sci.",
      volume         = "64",
      year           = "2017",
      number         = "12",
      pages          = "2958-2965",
      doi            = "10.1109/TNS.2017.2771266",
      eprint         = "1707.05451",
      archivePrefix  = "arXiv",
      primaryClass   = "physics.ins-det",
      SLACcitation   = "%%CITATION = ARXIV:1707.05451;%%"
}

@article{ARTASIC,
        author      = "{Martoiu, Sorin}",
        year        = "2014",
        url         = "https://indico.cern.ch/event/327350/contributions/760806/attachments/635916/875419/ART_ASIC_review.pdf"
}

@article{GBTSCA,
      author        = "Caratelli, A and Bonacini, S and Kloukinas, K and
                       Marchioro, A and Moreira, P and De Oliveira, R and
                       Paillard, C",
      title         = "{The GBT-SCA, a radiation tolerant ASIC for detector
                       control and monitoring applications in HEP experiments}",
      journal       = "JINST",
      number        = "03",
      volume        = "10",
      pages         = "C03034",
      year          = "2015",
      url           = "https://cds.cern.ch/record/2158969",
      doi           = "10.1088/1748-0221/10/03/C03034",
}


@misc{QtCompany,
    title       = {Qt},
    url         = {https://www.qt.io/},
}
