@thesis{MontejoBerlingen:2053769,
      author        = "Montejo Berlingen, Javier",
      title         = "{Search for new physics in $t\bar{t}$ final states with
                       additional heavy-flavor jets with the ATLAS detector}",
      month         = "Apr",
      year          = "2016",
      reportNumber  = "CERN-THESIS-2015-140",
      url           = "https://cds.cern.ch/record/2053769",
      doi           = "10.1007/978-3-319-41051-7",
}

@thesis{Mete:1454661,
      author        = "Mete, A S",
      title         = "{Search for a heavy charged gauge boson decaying to a muon
                       and a neutrino in 1 fb-1 of proton-proton collisions at
                       $\sqrt{s}$ = 7 TeV using the ATLAS Detector}",
      month         = "Feb",
      year          = "2012",
      reportNumber  = "CERN-THESIS-2012-063",
      url           = "https://cds.cern.ch/record/1454661",
      note          = "Presented 15 Nov 2011",
}
@thesis{Ritsch:1388275,
      author        = "Ritsch, Elmar",
      title         = "{Fast Calorimeter Punch-Through Simulation for the ATLAS
                       Experiment}",
      year          = "2011",
      reportNumber  = "CERN-THESIS-2011-112",
      url           = "https://cds.cern.ch/record/1388275",
      note          = "Presented 28 Sep 2011",
}
