@article{einsteinPEE,
   author = {{Einstein}, A.},
    title = "{{\"U}ber einen die Erzeugung und Verwandlung des Lichtes betreffenden heuristischen Gesichtspunkt (On a Heuristic Point of View about the Creation and Conversion of Light)}",
  journal = {Annalen der Physik},
     year = 1905,
   volume = 322,
    pages = {132-148},
      doi = {10.1002/andp.19053220607},
   adsurl = {https://ui.adsabs.harvard.edu/abs/1905AnP...322..132E},
  adsnote = {Provided by the SAO/NASA Astrophysics Data System}
}

@article{einsteinSpecial,
	author = {{Einstein}, A.},
	title = "{Zur Elektrodynamik bewegter K{\"o}rper (On the Electrodynamics of Moving Bodies)}",
	journal = {Annalen der Physik},
	year = 1905,
	volume = 322,
	pages = {891-921},
	doi = {10.1002/andp.19053221004},
	adsurl = {https://ui.adsabs.harvard.edu/abs/1905AnP...322..891E},
	adsnote = {Provided by the SAO/NASA Astrophysics Data System}
}

@article{einsteinEnergyMass,
	author = {{Einstein}, A.},
	title = "{Ist die Tr{\"a}gheit eines K{\"o}rpers von seinem Energieinhalt abh{\"a}ngig? (Does the Inertia of a Body Depend Upon Its Energy Content?)}",
	journal = {Annalen der Physik},
	year = 1905,
	volume = 323,
	pages = {639-641},
	doi = {10.1002/andp.19053231314},
	adsurl = {https://ui.adsabs.harvard.edu/abs/1905AnP...323..639E},
	adsnote = {Provided by the SAO/NASA Astrophysics Data System}
}

@article{planckBlackBody,
	author = {{Planck}, M.},
	title = "{Ueber das Gesetz der Energieverteilung im Normalspectrum (On the law of the distribution of energy in the normal spectrum)}",
	journal = {Annalen der Physik},
	year = 1901,
	volume = 309,
	pages = {553-563},
	doi = {10.1002/andp.19013090310},
	adsurl = {https://ui.adsabs.harvard.edu/abs/1901AnP...309..553P},
	adsnote = {Provided by the SAO/NASA Astrophysics Data System}
}

@article{bohrSpectral,
	author = { N.   Bohr },
	title = {I. On the constitution of atoms and molecules},
	journal = {The London, Edinburgh, and Dublin Philosophical Magazine and Journal of Science},
	volume = {26},
	number = {151},
	pages = {1-25},
	year  = {1913},
	publisher = {Taylor & Francis},
	doi = {10.1080/14786441308634955},
	URL = { https://doi.org/10.1080/14786441308634955},
	eprint = {https://doi.org/10.1080/14786441308634955}
}

@phdthesis{deBroglie,
	author = {L. de Broglie},
	title = {Recherches sur la Th√©orie des Quanta},
	year = {1924},
	note = {Masson, Paris}
}

@article{diracEquation,
	author = {{Dirac}, P.~A.~M.},
	title = "{The Quantum Theory of the Electron}",
	journal = {Proceedings of the Royal Society of London Series A},
	year = 1928,
	month = feb,
	volume = 117,
	pages = {610-624},
	doi = {10.1098/rspa.1928.0023},
	adsurl = {https://ui.adsabs.harvard.edu/abs/1928RSPSA.117..610D},
	adsnote = {Provided by the SAO/NASA Astrophysics Data System}
}

@article{diracPrinciples,
	author = {{Dirac}, P.~A.~M.},
	title = "{The Principles of Quantum Mechanics, 4$^{th}$}",
	journal = {Oxford Science Publications},
	year = 1930,
}

@article{boffiRiseOfQM,
	author = {{Boffi}, Sigfrido},
	title = "{The Rise of Quantum Mechanics}",
	journal = {arXiv e-prints},
	year = "2008",
	archivePrefix = {arXiv},
	eprint = {0806.4515},
	primaryClass = {physics.hist-ph},
}

@article{historyQM,
	title = {The Historical Development of Quantum Theory},
    author = {Mehra, Jagdish and Rechenberg, Helmut},
	number={Bd. 1-2},
	isbn={9780387951751},
	series={The Historical Development of Quantum Theory},
	year={2001},
	publisher={Springer}
}
