%%%%%%%%%%%%%%%%%%%%%%%%%%%%%%%%%%%%%%%%%%%%%%
% QCD
%%%%%%%%%%%%%%%%%%%%%%%%%%%%%%%%%%%%%%%%%%%%%%
@inproceedings{Placakyte:2011az,
      author         = "Placakyte, Ringaile",
      title          = "{Parton Distribution Functions}",
      booktitle      = "{Proceedings, 31st International Conference on Physics in
                        collisions (PIC 2011): Vancouver, Canada, August
                        28-September 1, 2011}",
      collaboration  = "H1and for the ZEUS",
      year           = "2011",
      eprint         = "1111.5452",
      archivePrefix  = "arXiv",
      primaryClass   = "hep-ph",
      SLACcitation   = "%%CITATION = ARXIV:1111.5452;%%"
}

@article{Ball:2012cx,
      author         = "Ball, Richard D. and others",
      title          = "{Parton distributions with LHC data}",
      journal        = "Nucl. Phys.",
      volume         = "B867",
      year           = "2013",
      pages          = "244-289",
      doi            = "10.1016/j.nuclphysb.2012.10.003",
      eprint         = "1207.1303",
      archivePrefix  = "arXiv",
      primaryClass   = "hep-ph",
      reportNumber   = "EDINBURGH-2012-08, IFUM-FT-997, FR-PHENO-2012-014,
                        RWTH-TTK-12-25, CERN-PH-TH-2012-037, SFB-CPP-12-47",
      SLACcitation   = "%%CITATION = ARXIV:1207.1303;%%"
}

@inproceedings{Carrazza:2013axa,
      author         = "Carrazza, Stefano and Forte, Stefano and Rojo, Juan",
      title          = "{Parton Distributions and Event Generators}",
      booktitle      = "{Proceedings, 43rd International Symposium on
                        Multiparticle Dynamics (ISMD 13)}",
      year           = "2013",
      pages          = "89-96",
      eprint         = "1311.5887",
      archivePrefix  = "arXiv",
      primaryClass   = "hep-ph",
      SLACcitation   = "%%CITATION = ARXIV:1311.5887;%%"
}

@article{Harland-Lang:2014zoa,
      author         = "Harland-Lang, L. A. and Martin, A. D. and Motylinski, P.
                        and Thorne, R. S.",
      title          = "{Parton distributions in the LHC era: MMHT 2014 PDFs}",
      journal        = "Eur. Phys. J.",
      volume         = "C75",
      year           = "2015",
      number         = "5",
      pages          = "204",
      doi            = "10.1140/epjc/s10052-015-3397-6",
      eprint         = "1412.3989",
      archivePrefix  = "arXiv",
      primaryClass   = "hep-ph",
      reportNumber   = "LCTS-2014-47, IPPP-14-97, DCPT-14-194",
      SLACcitation   = "%%CITATION = ARXIV:1412.3989;%%"
}


@article{Altarelli:1977zs,
      author         = "Altarelli, Guido and Parisi, G.",
      title          = "{Asymptotic Freedom in Parton Language}",
      journal        = "Nucl. Phys.",
      volume         = "B126",
      year           = "1977",
      pages          = "298-318",
      doi            = "10.1016/0550-3213(77)90384-4",
      reportNumber   = "LPTENS-77-6",
      SLACcitation   = "%%CITATION = NUPHA,B126,298;%%"
}

@article{Gribov:1972ri,
      author         = "Gribov, V. N. and Lipatov, L. N.",
      title          = "{Deep inelastic e p scattering in perturbation theory}",
      journal        = "Sov. J. Nucl. Phys.",
      volume         = "15",
      year           = "1972",
      pages          = "438-450",
      note           = "[Yad. Fiz.15,781(1972)]",
      reportNumber   = "IPTI-381-71",
      SLACcitation   = "%%CITATION = SJNCA,15,438;%%"
}

@article{Dokshitzer:1977sg,
      author         = "Dokshitzer, Yuri L.",
      title          = "{Calculation of the Structure Functions for Deep
                        Inelastic Scattering and e+ e- Annihilation by
                        Perturbation Theory in Quantum Chromodynamics.}",
      journal        = "Sov. Phys. JETP",
      volume         = "46",
      year           = "1977",
      pages          = "641-653",
      note           = "[Zh. Eksp. Teor. Fiz.73,1216(1977)]",
      SLACcitation   = "%%CITATION = SPHJA,46,641;%%"
}

%%%%%%%%%%%%%%%%%%%%%%%%%%%%%%%%%%%%%%%%%%%%%%%%%%%%%%%%%%%%%%
% HADRONISATION MODELS
%%%%%%%%%%%%%%%%%%%%%%%%%%%%%%%%%%%%%%%%%%%%%%%%%%%%%%%%%%%%%%

@article{Andersson:1983ia,
      author         = "Andersson, Bo and Gustafson, G. and Ingelman, G. and
                        Sjostrand, T.",
      title          = "{Parton Fragmentation and String Dynamics}",
      journal        = "Phys. Rept.",
      volume         = "97",
      year           = "1983",
      pages          = "31-145",
      doi            = "10.1016/0370-1573(83)90080-7",
      reportNumber   = "LU-TP-83-10",
      SLACcitation   = "%%CITATION = PRPLC,97,31;%%"
}

@article{Webber:1983if,
      author         = "Webber, B. R.",
      title          = "{A QCD Model for Jet Fragmentation Including Soft Gluon
                        Interference}",
      journal        = "Nucl. Phys.",
      volume         = "B238",
      year           = "1984",
      pages          = "492-528",
      doi            = "10.1016/0550-3213(84)90333-X",
      reportNumber   = "CERN-TH-3713",
      SLACcitation   = "%%CITATION = NUPHA,B238,492;%%"
}

@article{Lange:2001uf,
      author         = "Lange, D. J.",
      title          = "{The EvtGen particle decay simulation package}",
      booktitle      = "{Proceedings, 7th International Conference on B physics
                        at hadron machines (BEAUTY 2000): Maagan, Israel,
                        September 13-18, 2000}",
      journal        = "Nucl. Instrum. Meth.",
      volume         = "A462",
      year           = "2001",
      pages          = "152-155",
      doi            = "10.1016/S0168-9002(01)00089-4",
      SLACcitation   = "%%CITATION = NUIMA,A462,152;%%"
}

@article{UESim,
      author         = "Aad, Georges and others",
      title          = "{Measurement of the underlying event in jet events from 7
                        TeV proton-proton collisions with the ATLAS detector}",
      collaboration  = "ATLAS",
      journal        = "Eur. Phys. J.",
      volume         = "C74",
      year           = "2014",
      number         = "8",
      pages          = "2965",
      doi            = "10.1140/epjc/s10052-014-2965-5",
      eprint         = "1406.0392",
      archivePrefix  = "arXiv",
      primaryClass   = "hep-ex",
      reportNumber   = "CERN-PH-EP-2014-077",
      SLACcitation   = "%%CITATION = ARXIV:1406.0392;%%"
}

@article{Sjostrand:2006za,
      author         = "Sjostrand, Torbjorn and Mrenna, Stephen and Skands, Peter
                        Z.",
      title          = "{PYTHIA 6.4 Physics and Manual}",
      journal        = "JHEP",
      volume         = "05",
      year           = "2006",
      pages          = "026",
      doi            = "10.1088/1126-6708/2006/05/026",
      eprint         = "hep-ph/0603175",
      archivePrefix  = "arXiv",
      primaryClass   = "hep-ph",
      reportNumber   = "FERMILAB-PUB-06-052-CD-T, LU-TP-06-13",
      SLACcitation   = "%%CITATION = HEP-PH/0603175;%%"
}

@article{Butterworth:1996zw,
      author         = "Butterworth, J. M. and Forshaw, Jeffrey R. and Seymour,
                        M. H.",
      title          = "{Multiparton interactions in photoproduction at HERA}",
      journal        = "Z. Phys.",
      volume         = "C72",
      year           = "1996",
      pages          = "637-646",
      doi            = "10.1007/BF02909195, 10.1007/s002880050286",
      eprint         = "hep-ph/9601371",
      archivePrefix  = "arXiv",
      primaryClass   = "hep-ph",
      reportNumber   = "CERN-TH-96-82, M-C-TH-96-05, UCL-HEP-96-02",
      SLACcitation   = "%%CITATION = HEP-PH/9601371;%%"
}


%%%%%%%%%%%%%%%%%%%%%%%%%%%%%%%%%%%%%%%%%%%%%%%%%%%%%%%%%%%%%%
% MC GENERATORS
%%%%%%%%%%%%%%%%%%%%%%%%%%%%%%%%%%%%%%%%%%%%%%%%%%%%%%%%%%%%%%
@article{Buckley:2011ms,
      author         = "Buckley, Andy and others",
      title          = "{General-purpose event generators for LHC physics}",
      journal        = "Phys. Rept.",
      volume         = "504",
      year           = "2011",
      pages          = "145-233",
      doi            = "10.1016/j.physrep.2011.03.005",
      eprint         = "1101.2599",
      archivePrefix  = "arXiv",
      primaryClass   = "hep-ph",
      reportNumber   = "CAVENDISH-HEP-10-21, CERN-PH-TH-2010-298, DCPT-10-202,
                        IPPP-10-101, KA-TP-40-2010, LU-TP-10-28, MAN-HEP-2010-23,
                        SLAC-PUB-14333, HD-THEP-10-24, MCNET-11-01",
      SLACcitation   = "%%CITATION = ARXIV:1101.2599;%%"
}

@article{MGFive,
      author         = "Alwall, J. and Frederix, R. and Frixione, S. and Hirschi,
                        V. and Maltoni, F. and Mattelaer, O. and Shao, H. -S. and
                        Stelzer, T. and Torrielli, P. and Zaro, M.",
      title          = "{The automated computation of tree-level and
                        next-to-leading order differential cross sections, and
                        their matching to parton shower simulations}",
      journal        = "JHEP",
      volume         = "07",
      year           = "2014",
      pages          = "079",
      doi            = "10.1007/JHEP07(2014)079",
      eprint         = "1405.0301",
      archivePrefix  = "arXiv",
      primaryClass   = "hep-ph",
      reportNumber   = "CERN-PH-TH-2014-064, CP3-14-18, LPN14-066, MCNET-14-09,
                        ZU-TH-14-14",
      SLACcitation   = "%%CITATION = ARXIV:1405.0301;%%"
}

@article{AMCNLO,
      author         = "Frixione, Stefano and Webber, Bryan R.",
      title          = "{Matching NLO QCD computations and parton shower
                        simulations}",
      journal        = "JHEP",
      volume         = "06",
      year           = "2002",
      pages          = "029",
      doi            = "10.1088/1126-6708/2002/06/029",
      eprint         = "hep-ph/0204244",
      archivePrefix  = "arXiv",
      primaryClass   = "hep-ph",
      reportNumber   = "CAVENDISH-HEP-02-01, LAPTH-905-02, GEF-TH-2-2002",
      SLACcitation   = "%%CITATION = HEP-PH/0204244;%%"
}

@article{POWHEGBOX,
      author         = "Alioli, Simone and Nason, Paolo and Oleari, Carlo and Re,
                        Emanuele",
      title          = "{A general framework for implementing NLO calculations in
                        shower Monte Carlo programs: the POWHEG BOX}",
      journal        = "JHEP",
      volume         = "06",
      year           = "2010",
      pages          = "043",
      doi            = "10.1007/JHEP06(2010)043",
      eprint         = "1002.2581",
      archivePrefix  = "arXiv",
      primaryClass   = "hep-ph",
      reportNumber   = "DESY-10-018, SFB-CPP-10-22, IPPP-10-11, DCPT-10-22",
      SLACcitation   = "%%CITATION = ARXIV:1002.2581;%%"
}

@article{POWHEGMETHOD,
      author         = "Frixione, Stefano and Nason, Paolo and Oleari, Carlo",
      title          = "{Matching NLO QCD computations with Parton Shower
                        simulations: the POWHEG method}",
      journal        = "JHEP",
      volume         = "11",
      year           = "2007",
      pages          = "070",
      doi            = "10.1088/1126-6708/2007/11/070",
      eprint         = "0709.2092",
      archivePrefix  = "arXiv",
      primaryClass   = "hep-ph",
      reportNumber   = "BICOCCA-FT-07-9, GEF-TH-21-2007",
      SLACcitation   = "%%CITATION = ARXIV:0709.2092;%%"
}

@article{PYTHIA8Intro,
      author         = "Sjostrand, Torbjorn and Mrenna, Stephen and Skands, Peter
                        Z.",
      title          = "{A Brief Introduction to PYTHIA 8.1}",
      journal        = "Comput. Phys. Commun.",
      volume         = "178",
      year           = "2008",
      pages          = "852-867",
      doi            = "10.1016/j.cpc.2008.01.036",
      eprint         = "0710.3820",
      archivePrefix  = "arXiv",
      primaryClass   = "hep-ph",
      reportNumber   = "CERN-LCGAPP-2007-04, LU-TP-07-28,
                        FERMILAB-PUB-07-512-CD-T",
      SLACcitation   = "%%CITATION = ARXIV:0710.3820;%%"
}

@article{PYTHIA8,
      author         = "Sjöstrand, Torbjörn and Ask, Stefan and Christiansen,
                        Jesper R. and Corke, Richard and Desai, Nishita and Ilten,
                        Philip and Mrenna, Stephen and Prestel, Stefan and
                        Rasmussen, Christine O. and Skands, Peter Z.",
      title          = "{An Introduction to PYTHIA 8.2}",
      journal        = "Comput. Phys. Commun.",
      volume         = "191",
      year           = "2015",
      pages          = "159-177",
      doi            = "10.1016/j.cpc.2015.01.024",
      eprint         = "1410.3012",
      archivePrefix  = "arXiv",
      primaryClass   = "hep-ph",
      reportNumber   = "LU-TP-14-36, MCNET-14-22, CERN-PH-TH-2014-190,
                        FERMILAB-PUB-14-316-CD, DESY-14-178, SLAC-PUB-16122",
      SLACcitation   = "%%CITATION = ARXIV:1410.3012;%%"
}

@article{HERWIG6,
      author         = "Corcella, G. and Knowles, I. G. and Marchesini, G. and
                        Moretti, S. and Odagiri, K. and Richardson, P. and
                        Seymour, M. H. and Webber, B. R.",
      title          = "{HERWIG 6: An Event generator for hadron emission
                        reactions with interfering gluons (including
                        supersymmetric processes)}",
      journal        = "JHEP",
      volume         = "01",
      year           = "2001",
      pages          = "010",
      doi            = "10.1088/1126-6708/2001/01/010",
      eprint         = "hep-ph/0011363",
      archivePrefix  = "arXiv",
      primaryClass   = "hep-ph",
      reportNumber   = "CAVENDISH-HEP-99-03, CERN-TH-2000-284, RAL-TR-2000-048",
      SLACcitation   = "%%CITATION = HEP-PH/0011363;%%"
}

@article{HERWIG7,
      author         = "Bellm, Johannes and others",
      title          = "{Herwig 7.0/Herwig++ 3.0 release note}",
      journal        = "Eur. Phys. J.",
      volume         = "C76",
      year           = "2016",
      number         = "4",
      pages          = "196",
      doi            = "10.1140/epjc/s10052-016-4018-8",
      eprint         = "1512.01178",
      archivePrefix  = "arXiv",
      primaryClass   = "hep-ph",
      reportNumber   = "CERN-PH-TH-2015-289, MAN-HEP-2015-15, IFJPAN-IV-2015-13,
                        KA-TP-18-2015, DCPT-15-142, MCNET-15-28, IPPP-15-71,
                        HERWIG-2015-01",
      SLACcitation   = "%%CITATION = ARXIV:1512.01178;%%"
}

@article{SHERPA1,
      author         = "Gleisberg, T. and Hoeche, Stefan. and Krauss, F. and
                        Schonherr, M. and Schumann, S. and Siegert, F. and Winter,
                        J.",
      title          = "{Event generation with SHERPA 1.1}",
      journal        = "JHEP",
      volume         = "02",
      year           = "2009",
      pages          = "007",
      doi            = "10.1088/1126-6708/2009/02/007",
      eprint         = "0811.4622",
      archivePrefix  = "arXiv",
      primaryClass   = "hep-ph",
      reportNumber   = "FERMILAB-PUB-08-477-T, SLAC-PUB-13420, ZU-TH-17-08,
                        DCPT-08-138, IPPP-08-69, EDINBURGH-2008-30, MCNET-08-14",
      SLACcitation   = "%%CITATION = ARXIV:0811.4622;%%"
}

@article{SHERPA2,
      author         = "Bothmann, Enrico and others",
      title          = "{Event Generation with SHERPA 2.2}",
      year           = "2019",
      eprint         = "1905.09127",
      archivePrefix  = "arXiv",
      primaryClass   = "hep-ph",
      reportNumber   = "FERMILAB-PUB-19-218-T, SLAC-PUB-17433, IPPP/19/42,
                        MCNET-19-11",
      SLACcitation   = "%%CITATION = ARXIV:1905.09127;%%"
}

@article{Schumann:2007mg,
      author         = "Schumann, Steffen and Krauss, Frank",
      title          = "{A Parton shower algorithm based on Catani-Seymour dipole
                        factorisation}",
      journal        = "JHEP",
      volume         = "03",
      year           = "2008",
      pages          = "038",
      doi            = "10.1088/1126-6708/2008/03/038",
      eprint         = "0709.1027",
      archivePrefix  = "arXiv",
      primaryClass   = "hep-ph",
      reportNumber   = "DCPT-07-86, IPPP-07-43",
      SLACcitation   = "%%CITATION = ARXIV:0709.1027;%%"
}

@Article{EVTGEN,
      author         = "Lange, D. J.",
      title          = "{The EvtGen particle decay simulation package}",
      booktitle      = "{Proceedings, 7th International Conference on B physics
                        at hadron machines (BEAUTY 2000)}",
      journal        = "Nucl. Instrum. Meth. A",
      volume         = "462",
      year           = "2001",
      pages          = "152",
      doi            = "10.1016/S0168-9002(01)00089-4",
      SLACcitation   = "%%CITATION = NUIMA,A462,152;%%"
}

@article{MADSPIN1,
      author         = "Artoisenet, Pierre and Frederix, Rikkert and Mattelaer,
                        Olivier and Rietkerk, Robbert",
      title          = "{Automatic spin-entangled decays of heavy resonances in
                        Monte Carlo simulations}",
      journal        = "JHEP",
      volume         = "03",
      year           = "2013",
      pages          = "015",
      doi            = "10.1007/JHEP03(2013)015",
      eprint         = "1212.3460",
      archivePrefix  = "arXiv",
      primaryClass   = "hep-ph",
      reportNumber   = "NIKHEF-2012-021, CERN-PH-TH-2012-329",
      SLACcitation   = "%%CITATION = ARXIV:1212.3460;%%"
}

@article{MADSPIN2,
      author         = "Frixione, Stefano and Laenen, Eric and Motylinski,
                        Patrick and Webber, Bryan R.",
      title          = "{Angular correlations of lepton pairs from vector boson
                        and top quark decays in Monte Carlo simulations}",
      journal        = "JHEP",
      volume         = "04",
      year           = "2007",
      pages          = "081",
      doi            = "10.1088/1126-6708/2007/04/081",
      eprint         = "hep-ph/0702198",
      archivePrefix  = "arXiv",
      primaryClass   = "HEP-PH",
      reportNumber   = "CAVENDISH-HEP-07-01, GEF-TH-09-2007, ITP-UU-07-10,
                        NIKHEF-2007-004",
      SLACcitation   = "%%CITATION = HEP-PH/0702198;%%"
}







%%%%%%%%%%%%%%%%%%%%%%%%%%%%%%%%%%%%%%%%%%%%%%%%%%%%%%%%%%%%%%
% GEANT AND DETECTOR SIM
%%%%%%%%%%%%%%%%%%%%%%%%%%%%%%%%%%%%%%%%%%%%%%%%%%%%%%%%%%%%%%
@article{GEANT4,
      author         = "Agostinelli, S. and others",
      title          = "{GEANT4: A Simulation toolkit}",
      collaboration  = "GEANT4",
      journal        = "Nucl. Instrum. Meth.",
      volume         = "A506",
      year           = "2003",
      pages          = "250-303",
      doi            = "10.1016/S0168-9002(03)01368-8",
      reportNumber   = "SLAC-PUB-9350, FERMILAB-PUB-03-339",
      SLACcitation   = "%%CITATION = NUIMA,A506,250;%%"
}

@article{ATLASSim,
      author         = "Aad, G. and others",
      title          = "{The ATLAS Simulation Infrastructure}",
      collaboration  = "ATLAS",
      journal        = "Eur. Phys. J.",
      volume         = "C70",
      year           = "2010",
      pages          = "823-874",
      doi            = "10.1140/epjc/s10052-010-1429-9",
      eprint         = "1005.4568",
      archivePrefix  = "arXiv",
      primaryClass   = "physics.ins-det",
      SLACcitation   = "%%CITATION = ARXIV:1005.4568;%%"
}

@techreport{ATLFast,
      author        = "Lukas, W",
      title         = "{Fast Simulation for ATLAS: Atlfast-II and ISF}",
      institution   = "CERN",
      address       = "Geneva",
      number        = "ATL-SOFT-PROC-2012-065",
      month         = "Jun",
      year          = "2012",
      reportNumber  = "ATL-SOFT-PROC-2012-065",
      url           = "https://cds.cern.ch/record/1458503",
      doi           = "10.1088/1742-6596/396/2/022031",
}
