@article{HDiscoveryATLAS,
      author         = "{ATLAS Collaboration}",
      title          = "{Observation of a new particle in the search for the
                        Standard Model Higgs boson with the ATLAS detector at the
                        LHC}",
      collaboration  = "ATLAS",
      journal        = "Phys. Lett.",
      volume         = "B716",
      year           = "2012",
      pages          = "1-29",
      doi            = "10.1016/j.physletb.2012.08.020",
      eprint         = "1207.7214",
      archivePrefix  = "arXiv",
      primaryClass   = "hep-ex",
      reportNumber   = "CERN-PH-EP-2012-218",
      SLACcitation   = "%%CITATION = ARXIV:1207.7214;%%"
}

@article{HDiscoveryCMS,
      author         = "{CMS Collaboration}",
      title          = "{Observation of a New Boson at a Mass of 125 GeV with the
                        CMS Experiment at the LHC}",
      collaboration  = "CMS",
      journal        = "Phys. Lett.",
      volume         = "B716",
      year           = "2012",
      pages          = "30-61",
      doi            = "10.1016/j.physletb.2012.08.021",
      eprint         = "1207.7235",
      archivePrefix  = "arXiv",
      primaryClass   = "hep-ex",
      reportNumber   = "CMS-HIG-12-028, CERN-PH-EP-2012-220",
      SLACcitation   = "%%CITATION = ARXIV:1207.7235;%%"
}

@article{ATLASWMass,
      author         = "{ATLAS Collaboration}",
      title          = "{Measurement of the $W$-boson mass in pp collisions at
                        $\sqrt{s}=7$ TeV with the ATLAS detector}",
      collaboration  = "ATLAS",
      journal        = "Eur. Phys. J.",
      volume         = "C78",
      year           = "2018",
      number         = "2",
      pages          = "110",
      doi            = "10.1140/epjc/s10052-018-6354-3,
                        10.1140/epjc/s10052-017-5475-4",
      note           = "[Erratum: Eur. Phys. J.C78,no.11,898(2018)]",
      eprint         = "1701.07240",
      archivePrefix  = "arXiv",
      primaryClass   = "hep-ex",
      reportNumber   = "CERN-EP-2016-305",
      SLACcitation   = "%%CITATION = ARXIV:1701.07240;%%"
}


@article{GFitter,
      author         = "Baak, M. and Cúth, J. and Haller, J. and Hoecker, A. and
                        Kogler, R. and Mönig, K. and Schott, M. and Stelzer, J.",
      title          = "{The global electroweak fit at NNLO and prospects for the
                        LHC and ILC}",
      collaboration  = "Gfitter Group",
      journal        = "Eur. Phys. J.",
      volume         = "C74",
      year           = "2014",
      pages          = "3046",
      doi            = "10.1140/epjc/s10052-014-3046-5",
      eprint         = "1407.3792",
      archivePrefix  = "arXiv",
      primaryClass   = "hep-ph",
      reportNumber   = "DESY-14-124",
      SLACcitation   = "%%CITATION = ARXIV:1407.3792;%%"
}

@article{HMassATLAS,
      author         = "{ATLAS Collaboration}",
      title          = "{Measurement of the Higgs boson mass from the
                        $H\rightarrow \gamma\gamma$ and $H \rightarrow ZZ^{*}
                        \rightarrow 4\ell$ channels with the ATLAS detector using
                        25 fb$^{-1}$ of $pp$ collision data}",
      collaboration  = "ATLAS",
      journal        = "Phys. Rev.",
      volume         = "D90",
      year           = "2014",
      number         = "5",
      pages          = "052004",
      doi            = "10.1103/PhysRevD.90.052004",
      eprint         = "1406.3827",
      archivePrefix  = "arXiv",
      primaryClass   = "hep-ex",
      reportNumber   = "CERN-PH-EP-2014-122",
      SLACcitation   = "%%CITATION = ARXIV:1406.3827;%%"
}

@article{HMassCMS,
      author         = "{CMS Collaboration}",
      title          = "{Precise determination of the mass of the Higgs boson and
                        studies of the compatibility of its couplings with the
                        standard model}",
      collaboration  = "CMS",
      year           = "2014",
      reportNumber   = "CMS-PAS-HIG-14-009",
      SLACcitation   = "%%CITATION = CMS-PAS-HIG-14-009;%%"
}



@article{HiggsProps,
      author         = "{ATLAS Collaboration}",
      title          = "{Combined measurements of Higgs boson production and
                        decay using up to $80$ fb$^{-1}$ of proton-proton
                        collision data at $\sqrt{s}=$ 13 TeV collected with the
                        ATLAS experiment}",
      collaboration  = "ATLAS",
      year           = "2019",
      eprint         = "1909.02845",
      archivePrefix  = "arXiv",
      primaryClass   = "hep-ex",
      reportNumber   = "CERN-EP-2019-097",
      SLACcitation   = "%%CITATION = ARXIV:1909.02845;%%"
}

@article{HProp0,
      author         = "{ATLAS Collaboration}",
      title          = "{Study of the spin and parity of the Higgs boson in
                        diboson decays with the ATLAS detector}",
      collaboration  = "ATLAS",
      journal        = "Eur. Phys. J.",
      volume         = "C75",
      year           = "2015",
      number         = "10",
      pages          = "476",
      doi            = "10.1140/epjc/s10052-015-3685-1,
                        10.1140/epjc/s10052-016-3934-y",
      note           = "[Erratum: Eur. Phys. J.C76,no.3,152(2016)]",
      eprint         = "1506.05669",
      archivePrefix  = "arXiv",
      primaryClass   = "hep-ex",
      reportNumber   = "CERN-PH-EP-2015-114",
      SLACcitation   = "%%CITATION = ARXIV:1506.05669;%%"
}

@article{HProp1,
      author         = "{ATLAS Collaboration}",
      title          = "{Test of CP Invariance in vector-boson fusion production
                        of the Higgs boson using the Optimal Observable method in
                        the ditau decay channel with the ATLAS detector}",
      collaboration  = "ATLAS",
      journal        = "Eur. Phys. J.",
      volume         = "C76",
      year           = "2016",
      number         = "12",
      pages          = "658",
      doi            = "10.1140/epjc/s10052-016-4499-5",
      eprint         = "1602.04516",
      archivePrefix  = "arXiv",
      primaryClass   = "hep-ex",
      reportNumber   = "CERN-EP-2016-002",
      SLACcitation   = "%%CITATION = ARXIV:1602.04516;%%"
}

@article{HProp2,
      author         = "{ATLAS Collaboration}",
      title          = "{Observation of Higgs boson production in association
                        with a top quark pair at the LHC with the ATLAS detector}",
      collaboration  = "ATLAS",
      journal        = "Phys. Lett.",
      volume         = "B784",
      year           = "2018",
      pages          = "173-191",
      doi            = "10.1016/j.physletb.2018.07.035",
      eprint         = "1806.00425",
      archivePrefix  = "arXiv",
      primaryClass   = "hep-ex",
      reportNumber   = "CERN-EP-2018-138",
      SLACcitation   = "%%CITATION = ARXIV:1806.00425;%%"
}

@article{HProp3,
      author         = "{ATLAS Collaboration}",
      title          = "{Observation of $H \rightarrow b\bar{b}$ decays and $VH$
                        production with the ATLAS detector}",
      collaboration  = "ATLAS",
      journal        = "Phys. Lett.",
      volume         = "B786",
      year           = "2018",
      pages          = "59-86",
      doi            = "10.1016/j.physletb.2018.09.013",
      eprint         = "1808.08238",
      archivePrefix  = "arXiv",
      primaryClass   = "hep-ex",
      reportNumber   = "CERN-EP-2018-215",
      SLACcitation   = "%%CITATION = ARXIV:1808.08238;%%"
}

@article{HProp4,
      author         = "{ATLAS and CMS Collaborations}",
      title          = "{Measurements of the Higgs boson production and decay
                        rates and constraints on its couplings from a combined
                        ATLAS and CMS analysis of the LHC pp collision data at $
                        \sqrt{s}=7 $ and 8 TeV}",
      collaboration  = "ATLAS, CMS",
      journal        = "JHEP",
      volume         = "08",
      year           = "2016",
      pages          = "045",
      doi            = "10.1007/JHEP08(2016)045",
      eprint         = "1606.02266",
      archivePrefix  = "arXiv",
      primaryClass   = "hep-ex",
      reportNumber   = "CERN-EP-2016-100, ATLAS-HIGG-2015-07, CMS-HIG-15-002",
      SLACcitation   = "%%CITATION = ARXIV:1606.02266;%%"
}

@article{HProp5,
      author         = "{CMS Collaboration}",
      title          = "{Observation of $\mathrm{t\overline{t}}$H production}",
      collaboration  = "CMS",
      journal        = "Phys. Rev. Lett.",
      volume         = "120",
      year           = "2018",
      number         = "23",
      pages          = "231801",
      doi            = "10.1103/PhysRevLett.120.231801",
      eprint         = "1804.02610",
      archivePrefix  = "arXiv",
      primaryClass   = "hep-ex",
      reportNumber   = "CMS-HIG-17-035, CERN-EP-2018-064",
      SLACcitation   = "%%CITATION = ARXIV:1804.02610;%%"
}

@article{HProp6,
      author         = "{CMS Collaboration}",
      title          = "{Observation of Higgs boson decay to bottom quarks}",
      collaboration  = "CMS",
      journal        = "Phys. Rev. Lett.",
      volume         = "121",
      year           = "2018",
      number         = "12",
      pages          = "121801",
      doi            = "10.1103/PhysRevLett.121.121801",
      eprint         = "1808.08242",
      archivePrefix  = "arXiv",
      primaryClass   = "hep-ex",
      reportNumber   = "CMS-HIG-18-016, CERN-EP-2018-223",
      SLACcitation   = "%%CITATION = ARXIV:1808.08242;%%"
}

@article{HProp7,
      author         = "{CMS Collaboration}",
      title          = "{Measurements of the Higgs boson width and anomalous
                        $HVV$ couplings from on-shell and off-shell production in
                        the four-lepton final state}",
      collaboration  = "CMS",
      journal        = "Phys. Rev.",
      volume         = "D99",
      year           = "2019",
      number         = "11",
      pages          = "112003",
      doi            = "10.1103/PhysRevD.99.112003",
      eprint         = "1901.00174",
      archivePrefix  = "arXiv",
      primaryClass   = "hep-ex",
      reportNumber   = "CMS-HIG-18-002, CERN-EP-2018-329",
      SLACcitation   = "%%CITATION = ARXIV:1901.00174;%%"
}

@article{HProp8,
      author         = "{CMS Collaboration}",
      title          = "{Constraints on anomalous HVV couplings from the
                        production of Higgs bosons decaying to $\tau$ lepton
                        pairs}",
      collaboration  = "CMS",
      journal        = "Submitted to: Phys. Rev.",
      year           = "2019",
      eprint         = "1903.06973",
      archivePrefix  = "arXiv",
      primaryClass   = "hep-ex",
      reportNumber   = "CMS-HIG-17-034, CERN-EP-2019-029",
      SLACcitation   = "%%CITATION = ARXIV:1903.06973;%%"
}


%%%%%%%%%%%%%%%%%%%%%%%%%%%%%%%%%%%%%%%%%%%%%%%%%%%%%%%%%%%%%%%%%%%%%%%%%%%
%%%%%%%%%%%%%%%%%%%%%%%%%%%%%%%%%%%%%%%%%%%%%%%%%%%%%%%%%%%%%%%%%%%%%%%%%%%
%%%%%%%%%%%%%%%%%%%%%%%%%%%%%%%%%%%%%%%%%%%%%%%%%%%%%%%%%%%%%%%%%%%%%%%%%%%
%
% SM SHORTCOMINGS
%
%%%%%%%%%%%%%%%%%%%%%%%%%%%%%%%%%%%%%%%%%%%%%%%%%%%%%%%%%%%%%%%%%%%%%%%%%%%
%%%%%%%%%%%%%%%%%%%%%%%%%%%%%%%%%%%%%%%%%%%%%%%%%%%%%%%%%%%%%%%%%%%%%%%%%%%
%%%%%%%%%%%%%%%%%%%%%%%%%%%%%%%%%%%%%%%%%%%%%%%%%%%%%%%%%%%%%%%%%%%%%%%%%%%

@article{PlanckCollab,
      author         = "{Planck Collaboration}",
      title          = "{Planck 2018 results. VI. Cosmological parameters}",
      collaboration  = "Planck",
      year           = "2018",
      eprint         = "1807.06209",
      archivePrefix  = "arXiv",
      primaryClass   = "astro-ph.CO",
      SLACcitation   = "%%CITATION = ARXIV:1807.06209;%%"
}


@article{Davis:2014csa,
      author         = "Davis, Tamara M.",
      title          = "{Cosmological constraints on dark energy}",
      journal        = "Gen. Rel. Grav.",
      volume         = "46",
      year           = "2014",
      pages          = "1731",
      doi            = "10.1007/s10714-014-1731-1",
      eprint         = "1404.7266",
      archivePrefix  = "arXiv",
      primaryClass   = "astro-ph.CO",
      SLACcitation   = "%%CITATION = ARXIV:1404.7266;%%"
}

@article{Sakharov_1991,
	doi = {10.1070/pu1991v034n05abeh002497},
	url = {https://doi.org/10.1070%2Fpu1991v034n05abeh002497},
	year = 1991,
	month = {may},
	publisher = {{IOP} Publishing},
	volume = {34},
	number = {5},
	pages = {392--393},
	author = {Andrei D Sakharov},
	title = {Violation of CP invariance, C asymmetry, and baryon asymmetry of the universe},
	journal = {Soviet Physics Uspekhi},
	abstract = {}
}

@article{Fukuda:1998mi,
      author         = "Fukuda, Y. and others",
      title          = "{Evidence for oscillation of atmospheric neutrinos}",
      collaboration  = "Super-Kamiokande",
      journal        = "Phys. Rev. Lett.",
      volume         = "81",
      year           = "1998",
      pages          = "1562-1567",
      doi            = "10.1103/PhysRevLett.81.1562",
      eprint         = "hep-ex/9807003",
      archivePrefix  = "arXiv",
      primaryClass   = "hep-ex",
      reportNumber   = "BU-98-17, ICRR-REPORT-422-98-18, UCI-98-8,
                        KEK-PREPRINT-98-95, LSU-HEPA-5-98, UMD-98-003, SBHEP-98-5,
                        TKU-PAP-98-06, TIT-HPE-98-09",
      SLACcitation   = "%%CITATION = HEP-EX/9807003;%%"
}

