@article{CousinsBayes,
    title = "{Why isn't every physicist a Bayesian?}",
    author = "{Cousins, Robert}",
    journal = "{American Journal of Physics}",
    year = "{1995}",
    volume = "{63}",
    number = "{398}",
    doi = "10.1119/1.17901"
}

@article{AsymptoticFormula,
      author         = "Cowan, Glen and Cranmer, Kyle and Gross, Eilam and
                        Vitells, Ofer",
      title          = "{Asymptotic formulae for likelihood-based tests of new
                        physics}",
      journal        = "Eur. Phys. J.",
      volume         = "C71",
      year           = "2011",
      pages          = "1554",
      doi            = "10.1140/epjc/s10052-011-1554-0,
                        10.1140/epjc/s10052-013-2501-z",
      note           = "[Erratum: Eur. Phys. J.C73,2501(2013)]",
      eprint         = "1007.1727",
      archivePrefix  = "arXiv",
      primaryClass   = "physics.data-an",
      SLACcitation   = "%%CITATION = ARXIV:1007.1727;%%"
}

@article{CLSReadI,
      author         = "Read, Alexander L.",
      title          = "{Presentation of search results: The CL(s) technique}",
      booktitle      = "{Advanced Statistical Techniques in Particle Physics.
                        Proceedings, Conference, Durham, UK, March 18-22, 2002}",
      journal        = "J. Phys.",
      volume         = "G28",
      year           = "2002",
      pages          = "2693-2704",
      doi            = "10.1088/0954-3899/28/10/313",
      note           = "[,11(2002)]",
      SLACcitation   = "%%CITATION = JPAGA,G28,2693;%%"
}

@article{CLSReadII,
      author        = "Read, A L",
      title         = "{Modified frequentist analysis of search results (the
                       $CL_{s}$ method)}",
      number        = "CERN-OPEN-2000-205",
      year          = "2000",
      reportNumber  = "CERN-OPEN-2000-205",
      url           = "https://cds.cern.ch/record/451614",
      doi           = "10.5170/CERN-2000-005.81",
}

