@phdthesis{Nachman:2016qyc,
      author         = "Nachman, Benjamin",
      title          = "{Investigating the Quantum Properties of Jets and the
                        Search for a Supersymmetric Top Quark Partner with the
                        ATLAS Detector}",
      school         = "Stanford U., Phys. Dept.",
      year           = "2016",
      eprint         = "1609.03242",
      archivePrefix  = "arXiv",
      primaryClass   = "hep-ex",
      reportNumber   = "CERN-THESIS-2016-083",
      SLACcitation   = "%%CITATION = ARXIV:1609.03242;%%"
}
