@article{LumiUncert,
      author         = "{ATLAS Collaboration}",
      title          = "{Luminosity determination in pp collisions at $\sqrt{s}$
                        = 8 TeV using the ATLAS detector at the LHC}",
      collaboration  = "ATLAS",
      journal        = "Eur. Phys. J.",
      volume         = "C76",
      year           = "2016",
      number         = "12",
      pages          = "653",
      doi            = "10.1140/epjc/s10052-016-4466-1",
      eprint         = "1608.03953",
      archivePrefix  = "arXiv",
      primaryClass   = "hep-ex",
      reportNumber   = "CERN-EP-2016-117",
      SLACcitation   = "%%CITATION = ARXIV:1608.03953;%%"
}

@article{Czakon:2013goa,
      author         = "Czakon, Michal and Fiedler, Paul and Mitov, Alexander",
      title          = "{Total Top-Quark Pair-Production Cross Section at Hadron
                        Colliders Through $O(\alpha^4_S)$}",
      journal        = "Phys. Rev. Lett.",
      volume         = "110",
      year           = "2013",
      pages          = "252004",
      doi            = "10.1103/PhysRevLett.110.252004",
      eprint         = "1303.6254",
      archivePrefix  = "arXiv",
      primaryClass   = "hep-ph",
      reportNumber   = "CERN-PH-TH-2013-056, TTK-13-08",
      SLACcitation   = "%%CITATION = ARXIV:1303.6254;%%"
}
@Booklet{ATLAS-CONF-2013-102,
    author         = "{ATLAS and CMS Collaborations}",
    title          = "{Combination of ATLAS and CMS results on the mass of the top-quark using up to \(4.9~\text{fb}^{-1}\) of \(\sqrt{s} = 7~\text{TeV}\) LHC data}",
    howpublished   = "{ATLAS-CONF-2013-102}",
    url            = "https://cds.cern.ch/record/1601811",
    year           = "2013",
}

@article{Kidonakis:2010ux,
      author         = "Kidonakis, Nikolaos",
      title          = "{Two-loop soft anomalous dimensions for single top quark
                        associated production with a W$^-$ or H$^-$}",
      journal        = "Phys. Rev. D",
      volume         = "82",
      year           = "2010",
      pages          = "054018",
      doi            = "10.1103/PhysRevD.82.054018",
      eprint         = "1005.4451",
      archivePrefix  = "arXiv",
      primaryClass   = "hep-ph",
      SLACcitation   = "%%CITATION = ARXIV:1005.4451;%%"
}
@Booklet{ATL-PHYS-PUB-2016-004,
    author         = "{ATLAS Collaboration}",
    title          = "{Simulation of top-quark production for the ATLAS experiment at \(\sqrt{s} = 13~\text{TeV}\)}",
    howpublished   = "{ATL-PHYS-PUB-2016-004}",
    url            = "https://cds.cern.ch/record/2120417",
    year           = "2016",
}
@Article{Frixione:2008yi,
     author    = "Frixione, Stefano and Laenen, Eric and Motylinski, Patrick
                  and Webber, Bryan R. and White, Chris D.",
     title     = "{Single-top hadroproduction in association with a W
                  boson}",
     journal   = "JHEP",
     volume    = "07",
     year      = "2008",
     pages     = "029",
     eprint    = "0805.3067",
     archivePrefix = "arXiv",
     primaryClass  =  "hep-ph",
     doi       = "10.1088/1126-6708/2008/07/029"
}

% PDF UNCERT

%PDF4LHC
@Article{Butterworth:2015oua,
      author         = "Butterworth, Jon and others",
      title          = "{PDF4LHC recommendations for LHC Run II}",
      journal        = "J. Phys. G",
      volume         = "43",
      year           = "2016",
      pages          = "023001",
      doi            = "10.1088/0954-3899/43/2/023001",
      eprint         = "1510.03865",
      archivePrefix  = "arXiv",
      primaryClass   = "hep-ph",
      reportNumber   = "OUTP-15-17P, SMU-HEP-15-12, TIF-UNIMI-2015-14,
                        LCTS-2015-27, CERN-PH-TH-2015-249",
      SLACcitation   = "%%CITATION = ARXIV:1510.03865;%%"
}
% MMHT
@article{Harland-Lang:2014zoa,
      author         = "Harland-Lang, L. A. and Martin, A. D. and Motylinski, P.
                        and Thorne, R. S.",
      title          = "{Parton distributions in the LHC era: MMHT 2014 PDFs}",
      journal        = "Eur. Phys. J. C",
      volume         = "75",
      year           = "2015",
      number         = "5",
      pages          = "204",
      doi            = "10.1140/epjc/s10052-015-3397-6",
      eprint         = "1412.3989",
      archivePrefix  = "arXiv",
      primaryClass   = "hep-ph",
      reportNumber   = "LCTS-2014-47, IPPP-14-97, DCPT-14-194",
      SLACcitation   = "%%CITATION = ARXIV:1412.3989;%%"
}
% CT10
@article{Lai:2010vv,
  title = {New parton distributions for collider physics},
  author = "Lai, Hung-Liang and Guzzi, Marco and Huston, Joey and Li, Zhao and Nadolsky, Pavel M. and Pumplin, Jon and Yuan, C.-P.",
  journal = {Phys. Rev. D},
  volume = {82},
  issue = {7},
  pages = {074024},
  numpages = {24},
  year = {2010},
  month = {Oct},
  publisher = {American Physical Society},
  doi = {10.1103/PhysRevD.82.074024},
%  url = {https://link.aps.org/doi/10.1103/PhysRevD.82.074024},
  eprint         = "1007.2241",
  archivePrefix  = "arXiv",
  primaryClass   = "hep-ph"
}

%NNPDF
@article{Ball:2014uwa,
      author         = "Ball, Richard D. and others",
      title          = "{Parton distributions for the LHC Run II}",
      collaboration  = "NNPDF",
      journal        = "JHEP",
      volume         = "04",
      year           = "2015",
      pages          = "040",
      doi            = "10.1007/JHEP04(2015)040",
      eprint         = "1410.8849",
      archivePrefix  = "arXiv",
      primaryClass   = "hep-ph",
      reportNumber   = "EDINBURGH-2014-15, IFUM-1034-FT, CERN-PH-TH-2013-253,
                        OUTP-14-11P, CAVENDISH-HEP-14-11",
      SLACcitation   = "%%CITATION = ARXIV:1410.8849;%%"
}
